
	<record xmlns="http://www.loc.gov/MARC21/slim" xmlns:xsi="http://www.w3.org/2001/XMLSchema-instance" xsi:schemaLocation="http://www.loc.gov/MARC21/slim http://www.loc.gov/standards/marcxml/schema/MARC21slim.xsd">
		<leader>02300cam a2200457Ii 4500</leader>
		<controlfield tag="001">7223194</controlfield>
		<controlfield tag="005">20171211163958.0</controlfield>
		<controlfield tag="008">130503s1638    it       l    000 0 ita d</controlfield>
		<datafield ind1=" " ind2=" " tag="035">
			<subfield code="a">(OCoLC)ocn841583891</subfield>
		</datafield>
		<datafield ind1=" " ind2=" " tag="040">
			<subfield code="a">UIU</subfield>
			<subfield code="b">eng</subfield>
			<subfield code="e">dcrmb</subfield>
			<subfield code="c">UIU</subfield>
			<subfield code="d">OCLCO</subfield>
			<subfield code="d">OCLCF</subfield>
			<subfield code="d">OCL</subfield>
			<subfield code="d">OCLCQ</subfield>
			<subfield code="d">UIU</subfield>
		</datafield>
		<datafield ind1=" " ind2=" " tag="043">
			<subfield code="a">e-it---</subfield>
		</datafield>
		<datafield ind1=" " ind2=" " tag="049">
			<subfield code="a">UIUU</subfield>
			<subfield code="o">skip</subfield>
		</datafield>
		<datafield ind1="1" ind2=" " tag="110">
			<subfield code="a">Pesaro (Italy)</subfield>
		</datafield>
		<datafield ind1="1" ind2="0" tag="245">
			<subfield code="a">Tasse delle mercedi de gli vffitiali, raccolte da decreti, e da statuti, e ridotte insieme da gli eletti in publico conseglio di Pesaro adi 18 febraro 1634 et vltimamente confermate da monsignore illustrissimo &amp; reuerendissimo Girolamo Grimaldi vicelegato :</subfield>
			<subfield code="b">a beneficio della detta città e suo territorio.</subfield>
		</datafield>
		<datafield ind1="3" ind2=" " tag="246">
			<subfield code="a">Tasse delle mercedi de gli uffitiali</subfield>
		</datafield>
		<datafield ind1=" " ind2=" " tag="260">
			<subfield code="a">In Pesaro :</subfield>
			<subfield code="b">Per Flaminio Concordia,</subfield>
			<subfield code="c">1638.</subfield>
		</datafield>
		<datafield ind1=" " ind2=" " tag="300">
			<subfield code="a">24 unnumbered pages ;</subfield>
			<subfield code="c">20 cm (4to)</subfield>
		</datafield>
		<datafield ind1=" " ind2=" " tag="336">
			<subfield code="a">text</subfield>
			<subfield code="b">txt</subfield>
			<subfield code="2">rdacontent</subfield>
		</datafield>
		<datafield ind1=" " ind2=" " tag="337">
			<subfield code="a">unmediated</subfield>
			<subfield code="b">n</subfield>
			<subfield code="2">rdamedia</subfield>
		</datafield>
		<datafield ind1=" " ind2=" " tag="338">
			<subfield code="a">volume</subfield>
			<subfield code="b">nc</subfield>
			<subfield code="2">rdacarrier</subfield>
		</datafield>
		<datafield ind1=" " ind2=" " tag="500">
			<subfield code="a">Last page blank.</subfield>
		</datafield>
		<datafield ind1=" " ind2=" " tag="500">
			<subfield code="a">Signatures: [A]⁴ B-C⁴.</subfield>
		</datafield>
		<datafield ind1=" " ind2=" " tag="500">
			<subfield code="a">Title vignette (coat of arms); initial.</subfield>
		</datafield>
		<datafield ind1=" " ind2=" " tag="500">
			<subfield code="a">In 19th century printed waste wrappers.</subfield>
			<subfield code="5">IU-R</subfield>
		</datafield>
		<datafield ind1=" " ind2=" " tag="500">
			<subfield code="a">University of Illinois bookplate: "From the library of Conte Antonio Cavagna Sangiuliani di Gualdana Lazelada di Bereguardo, purchased 1921".</subfield>
			<subfield code="5">IU-R</subfield>
		</datafield>
		<datafield ind1=" " ind2=" " tag="500">
			<subfield code="a">Acquisition made accessible thanks to a 2015-2017 grant from the Council on Libraries and Information Resources.</subfield>
			<subfield code="5">IU-R</subfield>
		</datafield>
		<datafield ind1=" " ind2="0" tag="650">
			<subfield code="a">Law</subfield>
			<subfield code="z">Italy</subfield>
			<subfield code="z">Pesaro</subfield>
			<subfield code="v">Early works to 1800.</subfield>
		</datafield>
		<datafield ind1=" " ind2="0" tag="650">
			<subfield code="a">Taxation</subfield>
			<subfield code="z">Italy</subfield>
			<subfield code="v">Early works to 1800.</subfield>
		</datafield>
		<datafield ind1=" " ind2="0" tag="650">
			<subfield code="a">Wages</subfield>
			<subfield code="x">Taxation</subfield>
			<subfield code="z">Italy</subfield>
			<subfield code="v">Early works to 1800.</subfield>
		</datafield>
		<datafield ind1=" " ind2="0" tag="651">
			<subfield code="a">Pesaro (Italy)</subfield>
			<subfield code="x">Politics and government</subfield>
			<subfield code="y">17th century.</subfield>
		</datafield>
		<datafield ind1=" " ind2="7" tag="650">
			<subfield code="a">Politics and government</subfield>
			<subfield code="2">fast</subfield>
			<subfield code="0">(OCoLC)fst01919741</subfield>
		</datafield>
		<datafield ind1=" " ind2="7" tag="650">
			<subfield code="a">Taxation, Papal.</subfield>
			<subfield code="2">fast</subfield>
			<subfield code="0">(OCoLC)fst01144015</subfield>
		</datafield>
		<datafield ind1=" " ind2="7" tag="651">
			<subfield code="a">Europe</subfield>
			<subfield code="z">Papal States.</subfield>
			<subfield code="2">fast</subfield>
			<subfield code="0">(OCoLC)fst01205528</subfield>
		</datafield>
		<datafield ind1=" " ind2="7" tag="651">
			<subfield code="a">Italy</subfield>
			<subfield code="z">Pesaro.</subfield>
			<subfield code="2">fast</subfield>
			<subfield code="0">(OCoLC)fst01204944</subfield>
		</datafield>
		<datafield ind1=" " ind2="7" tag="655">
			<subfield code="a">Early works.</subfield>
			<subfield code="2">fast</subfield>
			<subfield code="0">(OCoLC)fst01411636</subfield>
		</datafield>
		<datafield ind1=" " ind2="7" tag="655">
			<subfield code="a">Statutes and codes.</subfield>
			<subfield code="2">lcgft</subfield>
		</datafield>
		<datafield ind1="1" ind2=" " tag="700">
			<subfield code="a">Grimaldi, Jérôme,</subfield>
			<subfield code="d">1597-1685.</subfield>
		</datafield>
		<datafield ind1="1" ind2=" " tag="700">
			<subfield code="a">Cavagna Sangiuliani di Gualdana, Antonio,</subfield>
			<subfield code="c">conte,</subfield>
			<subfield code="d">1843-1913,</subfield>
			<subfield code="e">former owner.</subfield>
			<subfield code="5">IU-R</subfield>
		</datafield>
		<datafield ind1="2" ind2=" " tag="710">
			<subfield code="a">Cavagna Collection (University of Illinois at Urbana-Champaign. Library)</subfield>
			<subfield code="5">IU-R</subfield>
		</datafield>
		<datafield ind1=" " ind2=" " tag="752">
			<subfield code="a">Italy</subfield>
			<subfield code="d">Pesaro.</subfield>
		</datafield>
		<datafield ind1=" " ind2=" " tag="994">
			<subfield code="a">C0</subfield>
			<subfield code="b">UIU</subfield>
		</datafield>
		<datafield ind1=" " ind2=" " tag="955">
			<subfield code="b">7223194</subfield>
		</datafield>
	</record>