
	<record xmlns="http://www.loc.gov/MARC21/slim" xmlns:xsi="http://www.w3.org/2001/XMLSchema-instance" xsi:schemaLocation="http://www.loc.gov/MARC21/slim http://www.loc.gov/standards/marcxml/schema/MARC21slim.xsd">
		<leader>01434cam a2200325Ki 4500</leader>
		<controlfield tag="001">7221762</controlfield>
		<controlfield tag="005">20171117154709.0</controlfield>
		<controlfield tag="008">130502s1894    it            000 0dita d</controlfield>
		<datafield ind1=" " ind2=" " tag="035">
			<subfield code="a">(OCoLC)ocn841488568</subfield>
		</datafield>
		<datafield ind1=" " ind2=" " tag="040">
			<subfield code="a">UIU</subfield>
			<subfield code="b">eng</subfield>
			<subfield code="e">dcrmb</subfield>
			<subfield code="c">UIU</subfield>
			<subfield code="d">OCLCA</subfield>
			<subfield code="d">OCLCQ</subfield>
			<subfield code="d">UIU</subfield>
		</datafield>
		<datafield ind1=" " ind2=" " tag="043">
			<subfield code="a">e-it---</subfield>
		</datafield>
		<datafield ind1=" " ind2=" " tag="049">
			<subfield code="a">UIUU</subfield>
			<subfield code="o">dkip</subfield>
		</datafield>
		<datafield ind1="1" ind2=" " tag="100">
			<subfield code="a">Antuono, Luigi d'.</subfield>
		</datafield>
		<datafield ind1="1" ind2="2" tag="245">
			<subfield code="a">L'angelo della Piccola casa della Divina Providenza in Como /</subfield>
			<subfield code="c">Luigi sac. d'Antuono.</subfield>
		</datafield>
		<datafield ind1=" " ind2=" " tag="260">
			<subfield code="a">Como :</subfield>
			<subfield code="b">Tipografia della stessa Piccola Casa,</subfield>
			<subfield code="c">1894.</subfield>
		</datafield>
		<datafield ind1=" " ind2=" " tag="300">
			<subfield code="a">42, [2] pages ;</subfield>
			<subfield code="c">15 cm</subfield>
		</datafield>
		<datafield ind1=" " ind2=" " tag="336">
			<subfield code="a">text</subfield>
			<subfield code="b">txt</subfield>
			<subfield code="2">rdacontent</subfield>
		</datafield>
		<datafield ind1=" " ind2=" " tag="337">
			<subfield code="a">unmediated</subfield>
			<subfield code="b">n</subfield>
			<subfield code="2">rdamedia</subfield>
		</datafield>
		<datafield ind1=" " ind2=" " tag="338">
			<subfield code="a">volume</subfield>
			<subfield code="b">nc</subfield>
			<subfield code="2">rdacarrier</subfield>
		</datafield>
		<datafield ind1=" " ind2=" " tag="500">
			<subfield code="a">Author's name at head of title.</subfield>
		</datafield>
		<datafield ind1=" " ind2=" " tag="500">
			<subfield code="a">Place of publication from front cover.</subfield>
		</datafield>
		<datafield ind1=" " ind2=" " tag="500">
			<subfield code="a">University of Illinois bookplate: "From the library of Conte Antonio Cavagna Sangiuliani di Gualdana Lazelada di Bereguardo, purchased 1921".</subfield>
			<subfield code="5">IU-R</subfield>
		</datafield>
		<datafield ind1=" " ind2=" " tag="500">
			<subfield code="a">Acquisition made accessible thanks to a 2015-2017 grant from the Council on Libraries and Information Resources.</subfield>
			<subfield code="5">IU-R</subfield>
		</datafield>
		<datafield ind1="1" ind2="0" tag="600">
			<subfield code="a">Granzella, Maddalena,</subfield>
			<subfield code="d">-1887.</subfield>
		</datafield>
		<datafield ind1="2" ind2="0" tag="610">
			<subfield code="a">Piccola casa della Divina Providenza (Como, Italy)</subfield>
		</datafield>
		<datafield ind1=" " ind2="0" tag="650">
			<subfield code="a">Charities</subfield>
			<subfield code="z">Italy</subfield>
			<subfield code="z">Como.</subfield>
		</datafield>
		<datafield ind1="1" ind2=" " tag="700">
			<subfield code="a">Cavagna Sangiuliani di Gualdana, Antonio,</subfield>
			<subfield code="c">conte,</subfield>
			<subfield code="d">1843-1913,</subfield>
			<subfield code="e">former owner.</subfield>
			<subfield code="5">IU-R</subfield>
		</datafield>
		<datafield ind1="2" ind2=" " tag="710">
			<subfield code="a">Cavagna Collection (University of Illinois at Urbana-Champaign. Library)</subfield>
			<subfield code="5">IU-R</subfield>
		</datafield>
		<datafield ind1=" " ind2=" " tag="752">
			<subfield code="a">Italy</subfield>
			<subfield code="d">Como.</subfield>
		</datafield>
		<datafield ind1=" " ind2=" " tag="994">
			<subfield code="a">C0</subfield>
			<subfield code="b">UIU</subfield>
		</datafield>
		<datafield ind1=" " ind2=" " tag="955">
			<subfield code="b">7221762</subfield>
		</datafield>
	</record>