
	<record xmlns="http://www.loc.gov/MARC21/slim" xmlns:xsi="http://www.w3.org/2001/XMLSchema-instance" xsi:schemaLocation="http://www.loc.gov/MARC21/slim http://www.loc.gov/standards/marcxml/schema/MARC21slim.xsd">
		<leader>01772cam a2200385Ki 4500</leader>
		<controlfield tag="001">7221688</controlfield>
		<controlfield tag="005">20171215111932.0</controlfield>
		<controlfield tag="008">130502s1898    sz            000 0 fre d</controlfield>
		<datafield ind1=" " ind2=" " tag="035">
			<subfield code="a">(OCoLC)ocn841487459</subfield>
		</datafield>
		<datafield ind1=" " ind2=" " tag="040">
			<subfield code="a">UIU</subfield>
			<subfield code="b">eng</subfield>
			<subfield code="c">UIU</subfield>
			<subfield code="d">UIU</subfield>
			<subfield code="d">OCLCO</subfield>
			<subfield code="d">OCLCF</subfield>
			<subfield code="d">OCLCQ</subfield>
			<subfield code="d">UIU</subfield>
		</datafield>
		<datafield ind1=" " ind2=" " tag="043">
			<subfield code="a">e-sz---</subfield>
		</datafield>
		<datafield ind1=" " ind2=" " tag="049">
			<subfield code="a">UIUU</subfield>
			<subfield code="o">skip</subfield>
		</datafield>
		<datafield ind1="0" ind2="0" tag="245">
			<subfield code="a">Souvenir de St. Moritz :</subfield>
			<subfield code="b">Haute-Engadine, Grisons, Suisse.</subfield>
		</datafield>
		<datafield ind1="3" ind2=" " tag="246">
			<subfield code="a">Kurverein de St. Moritz a mm. les étrangers</subfield>
		</datafield>
		<datafield ind1=" " ind2=" " tag="260">
			<subfield code="a">Samaden :</subfield>
			<subfield code="b">Simon Tanner,</subfield>
			<subfield code="c">[1898?]</subfield>
		</datafield>
		<datafield ind1=" " ind2=" " tag="300">
			<subfield code="a">14, [2] pages ;</subfield>
			<subfield code="c">21 cm</subfield>
		</datafield>
		<datafield ind1=" " ind2=" " tag="336">
			<subfield code="a">text</subfield>
			<subfield code="b">txt</subfield>
			<subfield code="2">rdacontent</subfield>
		</datafield>
		<datafield ind1=" " ind2=" " tag="337">
			<subfield code="a">unmediated</subfield>
			<subfield code="b">n</subfield>
			<subfield code="2">rdamedia</subfield>
		</datafield>
		<datafield ind1=" " ind2=" " tag="338">
			<subfield code="a">volume</subfield>
			<subfield code="b">nc</subfield>
			<subfield code="2">rdacarrier</subfield>
		</datafield>
		<datafield ind1=" " ind2=" " tag="500">
			<subfield code="a">Cover title.</subfield>
		</datafield>
		<datafield ind1=" " ind2=" " tag="500">
			<subfield code="a">Title on page [1] reads: Kurverein de St. Moritz a mm. les étrangers.</subfield>
		</datafield>
		<datafield ind1=" " ind2=" " tag="500">
			<subfield code="a">Year of publication conjectured from internal evidence.</subfield>
		</datafield>
		<datafield ind1=" " ind2=" " tag="500">
			<subfield code="a">Map on inside front cover.</subfield>
		</datafield>
		<datafield ind1=" " ind2=" " tag="500">
			<subfield code="a">University of Illinois bookplate: "From the library of Conte Antonio Cavagna Sangiuliani di Gualdana Lazelada di Bereguardo, purchased 1921".</subfield>
			<subfield code="5">IU-R</subfield>
		</datafield>
		<datafield ind1=" " ind2=" " tag="500">
			<subfield code="a">Acquisition made accessible thanks to a 2015-2017 grant from the Council on Libraries and Information Resources.</subfield>
			<subfield code="5">IU-R</subfield>
		</datafield>
		<datafield ind1=" " ind2="0" tag="650">
			<subfield code="a">Health resorts</subfield>
			<subfield code="z">Switzerland</subfield>
			<subfield code="z">Saint Moritz.</subfield>
		</datafield>
		<datafield ind1=" " ind2="0" tag="651">
			<subfield code="a">Saint Moritz (Switzerland)</subfield>
			<subfield code="v">Guidebooks.</subfield>
		</datafield>
		<datafield ind1=" " ind2="7" tag="650">
			<subfield code="a">Health resorts.</subfield>
			<subfield code="2">fast</subfield>
			<subfield code="0">(OCoLC)fst00953227</subfield>
		</datafield>
		<datafield ind1=" " ind2="7" tag="651">
			<subfield code="a">Switzerland</subfield>
			<subfield code="z">Saint Moritz.</subfield>
			<subfield code="2">fast</subfield>
			<subfield code="0">(OCoLC)fst01221388</subfield>
		</datafield>
		<datafield ind1=" " ind2="7" tag="655">
			<subfield code="a">Guidebooks.</subfield>
			<subfield code="2">fast</subfield>
			<subfield code="0">(OCoLC)fst01423871</subfield>
		</datafield>
		<datafield ind1=" " ind2="7" tag="655">
			<subfield code="a">Guidebooks</subfield>
			<subfield code="z">Switzerland</subfield>
			<subfield code="z">Samedan</subfield>
			<subfield code="y">19th century.</subfield>
			<subfield code="2">rbgenr</subfield>
		</datafield>
		<datafield ind1="1" ind2=" " tag="700">
			<subfield code="a">Cavagna Sangiuliani di Gualdana, Antonio,</subfield>
			<subfield code="c">conte,</subfield>
			<subfield code="d">1843-1913,</subfield>
			<subfield code="e">former owner.</subfield>
			<subfield code="5">IU-R</subfield>
		</datafield>
		<datafield ind1="2" ind2=" " tag="710">
			<subfield code="a">Cavagna Collection (University of Illinois at Urbana-Champaign. Library)</subfield>
			<subfield code="5">IU-R</subfield>
		</datafield>
		<datafield ind1=" " ind2=" " tag="752">
			<subfield code="a">Switzerland</subfield>
			<subfield code="d">Samaden.</subfield>
		</datafield>
		<datafield ind1=" " ind2=" " tag="994">
			<subfield code="a">C0</subfield>
			<subfield code="b">UIU</subfield>
		</datafield>
		<datafield ind1=" " ind2=" " tag="955">
			<subfield code="b">7221688</subfield>
		</datafield>
	</record>