
	<record xmlns="http://www.loc.gov/MARC21/slim" xmlns:xsi="http://www.w3.org/2001/XMLSchema-instance" xsi:schemaLocation="http://www.loc.gov/MARC21/slim http://www.loc.gov/standards/marcxml/schema/MARC21slim.xsd">
		<leader>01487cam a2200337Ki 4500</leader>
		<controlfield tag="001">7221675</controlfield>
		<controlfield tag="005">20171201153841.0</controlfield>
		<controlfield tag="008">130502s1808    it            000 0 ita d</controlfield>
		<datafield ind1=" " ind2=" " tag="035">
			<subfield code="a">(OCoLC)ocn841487925</subfield>
		</datafield>
		<datafield ind1=" " ind2=" " tag="040">
			<subfield code="a">UIU</subfield>
			<subfield code="b">eng</subfield>
			<subfield code="e">dcrmb</subfield>
			<subfield code="c">UIU</subfield>
			<subfield code="d">OCLCO</subfield>
			<subfield code="d">OCLCF</subfield>
			<subfield code="d">OCLCO</subfield>
			<subfield code="d">OCL</subfield>
			<subfield code="d">OCLCO</subfield>
			<subfield code="d">OCLCQ</subfield>
			<subfield code="d">UIU</subfield>
		</datafield>
		<datafield ind1=" " ind2=" " tag="043">
			<subfield code="a">e-it---</subfield>
		</datafield>
		<datafield ind1=" " ind2=" " tag="049">
			<subfield code="a">UIUU</subfield>
			<subfield code="o">skip</subfield>
		</datafield>
		<datafield ind1="0" ind2="0" tag="245">
			<subfield code="a">Elementi di cronologia e di storia universale ad uso delle regie scuole di Venezia.</subfield>
		</datafield>
		<datafield ind1=" " ind2=" " tag="250">
			<subfield code="a">Edizione terza.</subfield>
		</datafield>
		<datafield ind1=" " ind2=" " tag="260">
			<subfield code="a">In Venezia :</subfield>
			<subfield code="b">Appresso Angelo Cominotti,</subfield>
			<subfield code="c">1808.</subfield>
		</datafield>
		<datafield ind1=" " ind2=" " tag="300">
			<subfield code="a">52 pages ;</subfield>
			<subfield code="c">18 cm (8vo)</subfield>
		</datafield>
		<datafield ind1=" " ind2=" " tag="336">
			<subfield code="a">text</subfield>
			<subfield code="b">txt</subfield>
			<subfield code="2">rdacontent</subfield>
		</datafield>
		<datafield ind1=" " ind2=" " tag="337">
			<subfield code="a">unmediated</subfield>
			<subfield code="b">n</subfield>
			<subfield code="2">rdamedia</subfield>
		</datafield>
		<datafield ind1=" " ind2=" " tag="338">
			<subfield code="a">volume</subfield>
			<subfield code="b">nc</subfield>
			<subfield code="2">rdacarrier</subfield>
		</datafield>
		<datafield ind1=" " ind2=" " tag="500">
			<subfield code="a">Signatures: A-C⁸ D².</subfield>
		</datafield>
		<datafield ind1=" " ind2=" " tag="500">
			<subfield code="a">University of Illinois bookplate: "From the library of Conte Antonio Cavagna Sangiuliani di Gualdana Lazelada di Bereguardo, purchased 1921".</subfield>
			<subfield code="5">IU-R</subfield>
		</datafield>
		<datafield ind1=" " ind2=" " tag="500">
			<subfield code="a">Acquisition made accessible thanks to a 2015-2017 grant from the Council on Libraries and Information Resources.</subfield>
			<subfield code="5">IU-R</subfield>
		</datafield>
		<datafield ind1=" " ind2="0" tag="650">
			<subfield code="a">Calendar</subfield>
			<subfield code="x">History.</subfield>
		</datafield>
		<datafield ind1=" " ind2="0" tag="650">
			<subfield code="a">Chronology, Historical.</subfield>
		</datafield>
		<datafield ind1=" " ind2="7" tag="650">
			<subfield code="a">Calendar.</subfield>
			<subfield code="2">fast</subfield>
			<subfield code="0">(OCoLC)fst00844160</subfield>
		</datafield>
		<datafield ind1=" " ind2="7" tag="650">
			<subfield code="a">Chronology, Historical.</subfield>
			<subfield code="2">fast</subfield>
			<subfield code="0">(OCoLC)fst00860207</subfield>
		</datafield>
		<datafield ind1=" " ind2="7" tag="655">
			<subfield code="a">History.</subfield>
			<subfield code="2">fast</subfield>
			<subfield code="0">(OCoLC)fst01411628</subfield>
		</datafield>
		<datafield ind1="1" ind2=" " tag="700">
			<subfield code="a">Cavagna Sangiuliani di Gualdana, Antonio,</subfield>
			<subfield code="c">conte,</subfield>
			<subfield code="d">1843-1913,</subfield>
			<subfield code="e">former owner.</subfield>
			<subfield code="5">IU-R</subfield>
		</datafield>
		<datafield ind1="2" ind2=" " tag="710">
			<subfield code="a">Cavagna Collection (University of Illinois at Urbana-Champaign. Library)</subfield>
			<subfield code="5">IU-R</subfield>
		</datafield>
		<datafield ind1=" " ind2=" " tag="752">
			<subfield code="a">Italy</subfield>
			<subfield code="d">Venice.</subfield>
		</datafield>
		<datafield ind1=" " ind2=" " tag="994">
			<subfield code="a">C0</subfield>
			<subfield code="b">UIU</subfield>
		</datafield>
		<datafield ind1=" " ind2=" " tag="955">
			<subfield code="b">7221675</subfield>
		</datafield>
	</record>