
	<record xmlns="http://www.loc.gov/MARC21/slim" xmlns:xsi="http://www.w3.org/2001/XMLSchema-instance" xsi:schemaLocation="http://www.loc.gov/MARC21/slim http://www.loc.gov/standards/marcxml/schema/MARC21slim.xsd">
		<leader>01368cam a2200301Ki 4500</leader>
		<controlfield tag="001">7221210</controlfield>
		<controlfield tag="005">20171117144407.0</controlfield>
		<controlfield tag="008">130501s1894    it            000 0 ita d</controlfield>
		<datafield ind1=" " ind2=" " tag="035">
			<subfield code="a">(OCoLC)ocn841415737</subfield>
		</datafield>
		<datafield ind1=" " ind2=" " tag="040">
			<subfield code="a">UIU</subfield>
			<subfield code="b">eng</subfield>
			<subfield code="e">dcrmb</subfield>
			<subfield code="c">UIU</subfield>
			<subfield code="d">OCLCF</subfield>
			<subfield code="d">OCL</subfield>
			<subfield code="d">OCLCQ</subfield>
			<subfield code="d">OCLCA</subfield>
			<subfield code="d">UIU</subfield>
		</datafield>
		<datafield ind1=" " ind2=" " tag="049">
			<subfield code="a">UIUU</subfield>
			<subfield code="o">skip</subfield>
		</datafield>
		<datafield ind1="0" ind2="0" tag="245">
			<subfield code="a">Litanie di Gesù opportune per l'adorazione privata del SS. Sacramento.</subfield>
		</datafield>
		<datafield ind1=" " ind2=" " tag="260">
			<subfield code="a">Como :</subfield>
			<subfield code="b">Tip. Piccola casa della Div. Prov.,</subfield>
			<subfield code="c">1894.</subfield>
		</datafield>
		<datafield ind1=" " ind2=" " tag="300">
			<subfield code="a">14, [2] pages ;</subfield>
			<subfield code="c">15 cm</subfield>
		</datafield>
		<datafield ind1=" " ind2=" " tag="336">
			<subfield code="a">text</subfield>
			<subfield code="b">txt</subfield>
			<subfield code="2">rdacontent</subfield>
		</datafield>
		<datafield ind1=" " ind2=" " tag="337">
			<subfield code="a">unmediated</subfield>
			<subfield code="b">n</subfield>
			<subfield code="2">rdamedia</subfield>
		</datafield>
		<datafield ind1=" " ind2=" " tag="338">
			<subfield code="a">volume</subfield>
			<subfield code="b">nc</subfield>
			<subfield code="2">rdacarrier</subfield>
		</datafield>
		<datafield ind1=" " ind2=" " tag="500">
			<subfield code="a">Cover title.</subfield>
		</datafield>
		<datafield ind1=" " ind2=" " tag="500">
			<subfield code="a">University of Illinois bookplate: "From the library of Conte Antonio Cavagna Sangiuliani di Gualdana Lazelada di Bereguardo, purchased 1921".</subfield>
			<subfield code="5">IU-R</subfield>
		</datafield>
		<datafield ind1=" " ind2=" " tag="500">
			<subfield code="a">Acquisition made accessible thanks to a 2015-2017 grant from the Council on Libraries and Information Resources.</subfield>
			<subfield code="5">IU-R</subfield>
		</datafield>
		<datafield ind1=" " ind2="0" tag="650">
			<subfield code="a">Lord's Supper</subfield>
			<subfield code="x">Bread</subfield>
			<subfield code="v">Prayers and devotions.</subfield>
		</datafield>
		<datafield ind1=" " ind2="7" tag="650">
			<subfield code="a">Lord's Supper</subfield>
			<subfield code="x">Bread.</subfield>
			<subfield code="2">fast</subfield>
			<subfield code="0">(OCoLC)fst01002527</subfield>
		</datafield>
		<datafield ind1=" " ind2="7" tag="655">
			<subfield code="a">Prayers and devotions.</subfield>
			<subfield code="2">fast</subfield>
			<subfield code="0">(OCoLC)fst01423909</subfield>
		</datafield>
		<datafield ind1="1" ind2=" " tag="700">
			<subfield code="a">Cavagna Sangiuliani di Gualdana, Antonio,</subfield>
			<subfield code="c">conte,</subfield>
			<subfield code="d">1843-1913,</subfield>
			<subfield code="e">former owner.</subfield>
			<subfield code="5">IU-R</subfield>
		</datafield>
		<datafield ind1="2" ind2=" " tag="710">
			<subfield code="a">Catholic Church.</subfield>
		</datafield>
		<datafield ind1="2" ind2=" " tag="710">
			<subfield code="a">Cavagna Collection (University of Illinois at Urbana-Champaign. Library)</subfield>
			<subfield code="5">IU-R</subfield>
		</datafield>
		<datafield ind1=" " ind2=" " tag="752">
			<subfield code="a">Italy</subfield>
			<subfield code="d">Como.</subfield>
		</datafield>
		<datafield ind1=" " ind2=" " tag="994">
			<subfield code="a">C0</subfield>
			<subfield code="b">UIU</subfield>
		</datafield>
		<datafield ind1=" " ind2=" " tag="955">
			<subfield code="b">7221210</subfield>
		</datafield>
	</record>