
	<record xmlns="http://www.loc.gov/MARC21/slim" xmlns:xsi="http://www.w3.org/2001/XMLSchema-instance" xsi:schemaLocation="http://www.loc.gov/MARC21/slim http://www.loc.gov/standards/marcxml/schema/MARC21slim.xsd">
		<leader>01815cam a2200373Ii 4500</leader>
		<controlfield tag="001">7221197</controlfield>
		<controlfield tag="005">20171201144230.0</controlfield>
		<controlfield tag="008">130501s1898    it       b    000 0 ita d</controlfield>
		<datafield ind1=" " ind2=" " tag="035">
			<subfield code="a">(OCoLC)ocn841415790</subfield>
		</datafield>
		<datafield ind1=" " ind2=" " tag="040">
			<subfield code="a">UIU</subfield>
			<subfield code="b">eng</subfield>
			<subfield code="e">dcrmb</subfield>
			<subfield code="c">UIU</subfield>
			<subfield code="d">UIU</subfield>
			<subfield code="d">OCLCO</subfield>
			<subfield code="d">OCLCQ</subfield>
			<subfield code="d">OCLCF</subfield>
			<subfield code="d">UIU</subfield>
		</datafield>
		<datafield ind1=" " ind2=" " tag="049">
			<subfield code="a">UIUU</subfield>
			<subfield code="o">skip</subfield>
		</datafield>
		<datafield ind1="1" ind2=" " tag="100">
			<subfield code="a">Volta, Zanino,</subfield>
			<subfield code="d">1846-</subfield>
			<subfield code="e">author.</subfield>
		</datafield>
		<datafield ind1="1" ind2="0" tag="245">
			<subfield code="a">Alessandro Volta negli uffici pubblici /</subfield>
			<subfield code="c">Zanino Volta.</subfield>
		</datafield>
		<datafield ind1=" " ind2="1" tag="264">
			<subfield code="a">Como :</subfield>
			<subfield code="b">Libreria editrice Omarini Vittorio (già Omarini e Colombo),</subfield>
			<subfield code="c">1898.</subfield>
		</datafield>
		<datafield ind1=" " ind2="3" tag="264">
			<subfield code="a">Como :</subfield>
			<subfield code="b">Tipografia Cooperativa comense,</subfield>
			<subfield code="c">1898.</subfield>
		</datafield>
		<datafield ind1=" " ind2=" " tag="300">
			<subfield code="a">42, [2] pages ;</subfield>
			<subfield code="c">17 cm.</subfield>
		</datafield>
		<datafield ind1=" " ind2=" " tag="336">
			<subfield code="a">text</subfield>
			<subfield code="b">txt</subfield>
			<subfield code="2">rdacontent</subfield>
		</datafield>
		<datafield ind1=" " ind2=" " tag="337">
			<subfield code="a">unmediated</subfield>
			<subfield code="b">n</subfield>
			<subfield code="2">rdamedia</subfield>
		</datafield>
		<datafield ind1=" " ind2=" " tag="338">
			<subfield code="a">volume</subfield>
			<subfield code="b">nc</subfield>
			<subfield code="2">rdacarrier</subfield>
		</datafield>
		<datafield ind1="1" ind2=" " tag="490">
			<subfield code="a">Biblioteca storica ;</subfield>
			<subfield code="v">5</subfield>
		</datafield>
		<datafield ind1=" " ind2=" " tag="500">
			<subfield code="a">Author's name at head of title.</subfield>
		</datafield>
		<datafield ind1=" " ind2=" " tag="500">
			<subfield code="a">"Questa conferenza venne tenuta la sera del 23 aprile 1898 nel salone della Società degli Impiegati Civili in Como da Zanino Volta"--Page [43].</subfield>
		</datafield>
		<datafield ind1=" " ind2=" " tag="500">
			<subfield code="a">The last page is blank.</subfield>
		</datafield>
		<datafield ind1=" " ind2=" " tag="504">
			<subfield code="a">Includes bibliographical references.</subfield>
		</datafield>
		<datafield ind1=" " ind2=" " tag="500">
			<subfield code="a">University of Illinois bookplate: "From the library of Conte Antonio Cavagna Sangiuliani di Gualdana Lazelada di Bereguardo, purchased 1921".</subfield>
			<subfield code="5">IU-R</subfield>
		</datafield>
		<datafield ind1=" " ind2=" " tag="500">
			<subfield code="a">Acquisition made accessible thanks to a 2015-2017 grant from the Council on Libraries and Information Resources.</subfield>
			<subfield code="5">IU-R</subfield>
		</datafield>
		<datafield ind1="1" ind2="0" tag="600">
			<subfield code="a">Volta, Alessandro,</subfield>
			<subfield code="d">1745-1827.</subfield>
		</datafield>
		<datafield ind1="1" ind2="7" tag="600">
			<subfield code="a">Volta, Alessandro,</subfield>
			<subfield code="d">1745-1827.</subfield>
			<subfield code="2">fast</subfield>
			<subfield code="0">(OCoLC)fst00064096</subfield>
		</datafield>
		<datafield ind1="1" ind2=" " tag="700">
			<subfield code="a">Cavagna Sangiuliani di Gualdana, Antonio,</subfield>
			<subfield code="c">conte,</subfield>
			<subfield code="d">1843-1913,</subfield>
			<subfield code="e">former owner.</subfield>
			<subfield code="5">IU-R</subfield>
		</datafield>
		<datafield ind1="2" ind2=" " tag="710">
			<subfield code="a">Società degli impiegati civili (Como, Italy)</subfield>
		</datafield>
		<datafield ind1="2" ind2=" " tag="710">
			<subfield code="a">Cavagna Collection (University of Illinois at Urbana-Champaign. Library)</subfield>
			<subfield code="5">IU-R</subfield>
		</datafield>
		<datafield ind1=" " ind2=" " tag="752">
			<subfield code="a">Italy</subfield>
			<subfield code="d">Como.</subfield>
		</datafield>
		<datafield ind1=" " ind2="0" tag="830">
			<subfield code="a">Biblioteca storica (Como, Italy) ;</subfield>
			<subfield code="v">5.</subfield>
		</datafield>
		<datafield ind1=" " ind2=" " tag="994">
			<subfield code="a">C0</subfield>
			<subfield code="b">UIU</subfield>
		</datafield>
		<datafield ind1=" " ind2=" " tag="955">
			<subfield code="b">7221197</subfield>
		</datafield>
	</record>