
	<record xmlns="http://www.loc.gov/MARC21/slim" xmlns:xsi="http://www.w3.org/2001/XMLSchema-instance" xsi:schemaLocation="http://www.loc.gov/MARC21/slim http://www.loc.gov/standards/marcxml/schema/MARC21slim.xsd">
		<leader>02268cam a2200421Ii 4500</leader>
		<controlfield tag="001">7222224</controlfield>
		<controlfield tag="005">20171201164524.0</controlfield>
		<controlfield tag="008">130502s1860    it            000 0 ita d</controlfield>
		<datafield ind1=" " ind2=" " tag="035">
			<subfield code="a">(OCoLC)ocn841494440</subfield>
		</datafield>
		<datafield ind1=" " ind2=" " tag="040">
			<subfield code="a">UIU</subfield>
			<subfield code="b">eng</subfield>
			<subfield code="e">dcrmb</subfield>
			<subfield code="c">UIU</subfield>
			<subfield code="d">OCLCO</subfield>
			<subfield code="d">OCLCA</subfield>
			<subfield code="d">OCLCQ</subfield>
			<subfield code="d">UIU</subfield>
			<subfield code="d">OCLCF</subfield>
			<subfield code="d">OCL</subfield>
			<subfield code="d">UIU</subfield>
		</datafield>
		<datafield ind1=" " ind2=" " tag="043">
			<subfield code="a">e-it---</subfield>
		</datafield>
		<datafield ind1=" " ind2=" " tag="049">
			<subfield code="a">UIUU</subfield>
			<subfield code="o">skip</subfield>
		</datafield>
		<datafield ind1="1" ind2=" " tag="100">
			<subfield code="a">Arrigoni, Antonio,</subfield>
			<subfield code="d">1800-</subfield>
		</datafield>
		<datafield ind1="1" ind2="2" tag="245">
			<subfield code="a">I martiri spenti dall'Austria in causa del moto patriotico del 6 febbraio 1853 :</subfield>
			<subfield code="b">parole declamate dal sacerdote Antonio Arrigoni, parroco quiescente di Buccinigo, cappellano di Garibaldi il 10 febbrajo 1860 in cui i buoni italiani fecero celebrare dallo stesso il Divin Sacrificio della messa, nella Chiesa della Madonna del Castello in Milano, in suffragio delle anime dei suddetti : e stampate per acclamazione unanime dell'affollato popolo.</subfield>
		</datafield>
		<datafield ind1="1" ind2="6" tag="246">
			<subfield code="a">Martiri del 6 febbrajo 1853 :</subfield>
			<subfield code="b">parole declamate dal parroco Arrigoni, cappellano di Garibaldi</subfield>
		</datafield>
		<datafield ind1=" " ind2=" " tag="260">
			<subfield code="a">Milano :</subfield>
			<subfield code="b">Tipografia di Francesco Pagnoni,</subfield>
			<subfield code="c">[1860?]</subfield>
		</datafield>
		<datafield ind1=" " ind2=" " tag="300">
			<subfield code="a">7, [1] pages ;</subfield>
			<subfield code="c">19 cm</subfield>
		</datafield>
		<datafield ind1=" " ind2=" " tag="336">
			<subfield code="a">text</subfield>
			<subfield code="b">txt</subfield>
			<subfield code="2">rdacontent</subfield>
		</datafield>
		<datafield ind1=" " ind2=" " tag="337">
			<subfield code="a">unmediated</subfield>
			<subfield code="b">n</subfield>
			<subfield code="2">rdamedia</subfield>
		</datafield>
		<datafield ind1=" " ind2=" " tag="338">
			<subfield code="a">volume</subfield>
			<subfield code="b">nc</subfield>
			<subfield code="2">rdacarrier</subfield>
		</datafield>
		<datafield ind1=" " ind2=" " tag="500">
			<subfield code="a">Cover title.</subfield>
		</datafield>
		<datafield ind1=" " ind2=" " tag="500">
			<subfield code="a">Place and publisher from colophon.</subfield>
		</datafield>
		<datafield ind1=" " ind2=" " tag="500">
			<subfield code="a">"Viva Italia unita"--Cover.</subfield>
		</datafield>
		<datafield ind1=" " ind2=" " tag="500">
			<subfield code="a">University of Illinois bookplate: "From the library of Conte Antonio Cavagna Sangiuliani di Gualdana Lazelada di Bereguardo, purchased 1921".</subfield>
			<subfield code="5">IU-R</subfield>
		</datafield>
		<datafield ind1=" " ind2=" " tag="500">
			<subfield code="a">Acquisition made accessible thanks to a 2015-2017 grant from the Council on Libraries and Information Resources.</subfield>
			<subfield code="5">IU-R</subfield>
		</datafield>
		<datafield ind1=" " ind2="0" tag="650">
			<subfield code="a">Belfiore Martyrs Conspiracy, Italy, 1851-1852.</subfield>
		</datafield>
		<datafield ind1=" " ind2="0" tag="650">
			<subfield code="a">Revolutions</subfield>
			<subfield code="z">Italy</subfield>
			<subfield code="z">Milan.</subfield>
		</datafield>
		<datafield ind1=" " ind2="0" tag="651">
			<subfield code="a">Italy</subfield>
			<subfield code="x">History</subfield>
			<subfield code="y">1849-1870.</subfield>
		</datafield>
		<datafield ind1=" " ind2="7" tag="650">
			<subfield code="a">Revolutions.</subfield>
			<subfield code="2">fast</subfield>
			<subfield code="0">(OCoLC)fst01096737</subfield>
		</datafield>
		<datafield ind1=" " ind2="7" tag="651">
			<subfield code="a">Italy.</subfield>
			<subfield code="2">fast</subfield>
			<subfield code="0">(OCoLC)fst01204565</subfield>
		</datafield>
		<datafield ind1=" " ind2="7" tag="651">
			<subfield code="a">Italy</subfield>
			<subfield code="z">Milan.</subfield>
			<subfield code="2">fast</subfield>
			<subfield code="0">(OCoLC)fst01208698</subfield>
		</datafield>
		<datafield ind1=" " ind2="7" tag="648">
			<subfield code="a">1849-1870</subfield>
			<subfield code="2">fast</subfield>
		</datafield>
		<datafield ind1=" " ind2="7" tag="655">
			<subfield code="a">Occasional addresses</subfield>
			<subfield code="z">Italy</subfield>
			<subfield code="z">Milan</subfield>
			<subfield code="y">19th century.</subfield>
			<subfield code="2">rbgenr</subfield>
		</datafield>
		<datafield ind1=" " ind2="7" tag="655">
			<subfield code="a">History.</subfield>
			<subfield code="2">fast</subfield>
			<subfield code="0">(OCoLC)fst01411628</subfield>
		</datafield>
		<datafield ind1="1" ind2=" " tag="700">
			<subfield code="a">Cavagna Sangiuliani di Gualdana, Antonio,</subfield>
			<subfield code="c">conte,</subfield>
			<subfield code="d">1843-1913,</subfield>
			<subfield code="e">former owner.</subfield>
			<subfield code="5">IU-R</subfield>
		</datafield>
		<datafield ind1="2" ind2=" " tag="710">
			<subfield code="a">Cavagna Collection (University of Illinois at Urbana-Champaign. Library)</subfield>
			<subfield code="5">IU-R</subfield>
		</datafield>
		<datafield ind1=" " ind2=" " tag="752">
			<subfield code="a">Italy</subfield>
			<subfield code="d">Milan.</subfield>
		</datafield>
		<datafield ind1=" " ind2=" " tag="994">
			<subfield code="a">C0</subfield>
			<subfield code="b">UIU</subfield>
		</datafield>
		<datafield ind1=" " ind2=" " tag="955">
			<subfield code="b">7222224</subfield>
		</datafield>
	</record>