
	<record xmlns="http://www.loc.gov/MARC21/slim" xmlns:xsi="http://www.w3.org/2001/XMLSchema-instance" xsi:schemaLocation="http://www.loc.gov/MARC21/slim http://www.loc.gov/standards/marcxml/schema/MARC21slim.xsd">
		<leader>01887cam a2200337Ii 4500</leader>
		<controlfield tag="001">6923888</controlfield>
		<controlfield tag="005">20171215103052.0</controlfield>
		<controlfield tag="008">120706s1823    it cf         000 0bita d</controlfield>
		<datafield ind1=" " ind2=" " tag="035">
			<subfield code="a">(OCoLC)ocn798342666</subfield>
		</datafield>
		<datafield ind1=" " ind2=" " tag="040">
			<subfield code="a">UIU</subfield>
			<subfield code="b">eng</subfield>
			<subfield code="e">dcrmb</subfield>
			<subfield code="c">UIU</subfield>
			<subfield code="d">UIU</subfield>
			<subfield code="d">OCLCF</subfield>
			<subfield code="d">OCLCO</subfield>
			<subfield code="d">OCLCQ</subfield>
			<subfield code="d">UIU</subfield>
		</datafield>
		<datafield ind1=" " ind2=" " tag="049">
			<subfield code="a">UIUU</subfield>
			<subfield code="o">skip</subfield>
		</datafield>
		<datafield ind1="0" ind2="0" tag="245">
			<subfield code="a">Cenni storici sulla vita del sommo pontefice romano Pio VII :</subfield>
			<subfield code="b">col racconto di quanto si è fatto per esso in Roma fino al radunamento del conclave pel di lui successore : coll'elenco dei sig. cardinali, ec.</subfield>
		</datafield>
		<datafield ind1=" " ind2=" " tag="260">
			<subfield code="a">Milano :</subfield>
			<subfield code="b">Dalla tipografia Tamburini e Valdoni,</subfield>
			<subfield code="c">[1823?]</subfield>
		</datafield>
		<datafield ind1=" " ind2=" " tag="300">
			<subfield code="a">63, [1] pages, [1] leaf of plates :</subfield>
			<subfield code="b">portrait ;</subfield>
			<subfield code="c">18 cm</subfield>
		</datafield>
		<datafield ind1=" " ind2=" " tag="336">
			<subfield code="a">text</subfield>
			<subfield code="b">txt</subfield>
			<subfield code="2">rdacontent</subfield>
		</datafield>
		<datafield ind1=" " ind2=" " tag="337">
			<subfield code="a">unmediated</subfield>
			<subfield code="b">n</subfield>
			<subfield code="2">rdamedia</subfield>
		</datafield>
		<datafield ind1=" " ind2=" " tag="338">
			<subfield code="a">volume</subfield>
			<subfield code="b">nc</subfield>
			<subfield code="2">rdacarrier</subfield>
		</datafield>
		<datafield ind1=" " ind2=" " tag="500">
			<subfield code="a">Both copies: University of Illinois bookplate: "From the library of Conte Antonio Cavagna Sangiuliani di Gualdana Lazelada di Bereguardo, purchased 1921".</subfield>
			<subfield code="5">IU-R</subfield>
		</datafield>
		<datafield ind1=" " ind2=" " tag="500">
			<subfield code="a">Cavagna 16239: Imperfect: without leaf of plates.</subfield>
			<subfield code="5">IU-R</subfield>
		</datafield>
		<datafield ind1=" " ind2=" " tag="500">
			<subfield code="a">Cavagna 16239: Bound with: Elenco cronologico-storico di tutti i sommi pontifici da S. Pietro fino al nuovo eletto papa Leone XII. Milano : Tamburini e Valdoni, [1823?].</subfield>
			<subfield code="5">IU-R</subfield>
		</datafield>
		<datafield ind1=" " ind2=" " tag="500">
			<subfield code="a">Acquisition made accessible thanks to a 2015-2017 grant from the Council on Libraries and Information Resources.</subfield>
			<subfield code="5">IU-R</subfield>
		</datafield>
		<datafield ind1="0" ind2="0" tag="600">
			<subfield code="a">Pius</subfield>
			<subfield code="b">VII,</subfield>
			<subfield code="c">Pope,</subfield>
			<subfield code="d">1742-1823.</subfield>
		</datafield>
		<datafield ind1=" " ind2="0" tag="650">
			<subfield code="a">Popes</subfield>
			<subfield code="v">Biography.</subfield>
		</datafield>
		<datafield ind1="0" ind2="7" tag="600">
			<subfield code="a">Pius</subfield>
			<subfield code="b">VII,</subfield>
			<subfield code="c">Pope,</subfield>
			<subfield code="d">1742-1823.</subfield>
			<subfield code="2">fast</subfield>
			<subfield code="0">(OCoLC)fst00153223</subfield>
		</datafield>
		<datafield ind1=" " ind2="7" tag="650">
			<subfield code="a">Popes.</subfield>
			<subfield code="2">fast</subfield>
			<subfield code="0">(OCoLC)fst01071262</subfield>
		</datafield>
		<datafield ind1=" " ind2="7" tag="655">
			<subfield code="a">Biography.</subfield>
			<subfield code="2">fast</subfield>
			<subfield code="0">(OCoLC)fst01423686</subfield>
		</datafield>
		<datafield ind1=" " ind2="7" tag="655">
			<subfield code="a">Biographies</subfield>
			<subfield code="z">Italy</subfield>
			<subfield code="z">Milan</subfield>
			<subfield code="y">19th century.</subfield>
			<subfield code="2">rbgenr</subfield>
		</datafield>
		<datafield ind1="1" ind2=" " tag="700">
			<subfield code="a">Cavagna Sangiuliani di Gualdana, Antonio,</subfield>
			<subfield code="c">conte,</subfield>
			<subfield code="d">1843-1913,</subfield>
			<subfield code="e">former owner.</subfield>
			<subfield code="5">IU-R</subfield>
		</datafield>
		<datafield ind1="2" ind2=" " tag="710">
			<subfield code="a">Cavagna Collection (University of Illinois at Urbana-Champaign. Library)</subfield>
			<subfield code="5">IU-R</subfield>
		</datafield>
		<datafield ind1=" " ind2=" " tag="752">
			<subfield code="a">Italy</subfield>
			<subfield code="d">Milan.</subfield>
		</datafield>
		<datafield ind1=" " ind2=" " tag="994">
			<subfield code="a">C0</subfield>
			<subfield code="b">UIU</subfield>
		</datafield>
		<datafield ind1=" " ind2=" " tag="955">
			<subfield code="b">6923888</subfield>
		</datafield>
	</record>