
	<record xmlns="http://www.loc.gov/MARC21/slim" xmlns:xsi="http://www.w3.org/2001/XMLSchema-instance" xsi:schemaLocation="http://www.loc.gov/MARC21/slim http://www.loc.gov/standards/marcxml/schema/MARC21slim.xsd">
		<leader>02077nam a2200397Ii 4500</leader>
		<controlfield tag="001">8450320</controlfield>
		<controlfield tag="005">20171201131750.0</controlfield>
		<controlfield tag="008">171201s1872    sz            000 0 ita d</controlfield>
		<datafield ind1=" " ind2=" " tag="035">
			<subfield code="a">(OCoLC)on1013745138</subfield>
		</datafield>
		<datafield ind1=" " ind2=" " tag="040">
			<subfield code="a">UIU</subfield>
			<subfield code="b">eng</subfield>
			<subfield code="e">rda</subfield>
			<subfield code="c">UIU</subfield>
			<subfield code="d">UIU</subfield>
		</datafield>
		<datafield ind1="1" ind2=" " tag="041">
			<subfield code="a">ita</subfield>
			<subfield code="h">ger</subfield>
		</datafield>
		<datafield ind1=" " ind2=" " tag="043">
			<subfield code="a">e-sz---</subfield>
		</datafield>
		<datafield ind1=" " ind2=" " tag="049">
			<subfield code="a">UIUU</subfield>
			<subfield code="o">skip</subfield>
		</datafield>
		<datafield ind1="1" ind2=" " tag="100">
			<subfield code="a">Planta-Reichenau, Adolf von,</subfield>
			<subfield code="d">1820-1895.</subfield>
		</datafield>
		<datafield ind1="1" ind2="3" tag="245">
			<subfield code="a">Le acque salutari del Sambernardino nel Cantone de' Grigioni nella Svizzera :</subfield>
			<subfield code="b">sottoposte a chimico esame /</subfield>
			<subfield code="c">dal dr. A. de Planta-Reichenau ; studiate in via terapeutica dal dr. Geronimi, medico dello stabilimento di cura della acque minerali ; versione italiana dall'originale tedesco del prof. G. Curti.</subfield>
		</datafield>
		<datafield ind1=" " ind2=" " tag="260">
			<subfield code="a">Bellinzona :</subfield>
			<subfield code="b">Tipolitografia di Carlo Colombi,</subfield>
			<subfield code="c">1872.</subfield>
		</datafield>
		<datafield ind1=" " ind2=" " tag="300">
			<subfield code="a">31 pages ;</subfield>
			<subfield code="c">20 cm</subfield>
		</datafield>
		<datafield ind1=" " ind2=" " tag="336">
			<subfield code="a">text</subfield>
			<subfield code="b">txt</subfield>
			<subfield code="2">rdacontent</subfield>
		</datafield>
		<datafield ind1=" " ind2=" " tag="337">
			<subfield code="a">unmediated</subfield>
			<subfield code="b">n</subfield>
			<subfield code="2">rdamedia</subfield>
		</datafield>
		<datafield ind1=" " ind2=" " tag="338">
			<subfield code="a">volume</subfield>
			<subfield code="b">nc</subfield>
			<subfield code="2">rdacarrier</subfield>
		</datafield>
		<datafield ind1=" " ind2=" " tag="500">
			<subfield code="a">Translation of: Die Heilquelle von St. Bernhardin im Canton Graubünden in der Schweiz.</subfield>
		</datafield>
		<datafield ind1=" " ind2=" " tag="500">
			<subfield code="a">University of Illinois bookplate: "From the library of Conte Antonio Cavagna Sangiuliani di Gualdana Lazelada di Bereguardo, purchased 1921".</subfield>
			<subfield code="5">IU-R</subfield>
		</datafield>
		<datafield ind1=" " ind2=" " tag="500">
			<subfield code="a">Acquisition made accessible thanks to a 2015-2017 grant from the Council on Libraries and Information Resources.</subfield>
			<subfield code="5">IU-R</subfield>
		</datafield>
		<datafield ind1=" " ind2="0" tag="650">
			<subfield code="a">Mineral waters</subfield>
			<subfield code="z">Switzerland</subfield>
			<subfield code="z">Graubünden.</subfield>
		</datafield>
		<datafield ind1=" " ind2="0" tag="650">
			<subfield code="a">Mineral waters</subfield>
			<subfield code="x">Therapeutic use</subfield>
			<subfield code="z">Switzerland</subfield>
			<subfield code="z">Graubünden.</subfield>
		</datafield>
		<datafield ind1=" " ind2="0" tag="650">
			<subfield code="a">Mineral waters</subfield>
			<subfield code="z">Switzerland</subfield>
			<subfield code="x">Analysis.</subfield>
		</datafield>
		<datafield ind1=" " ind2="7" tag="650">
			<subfield code="a">Mineral waters.</subfield>
			<subfield code="2">fast</subfield>
			<subfield code="0">(OCoLC)fst01022381</subfield>
		</datafield>
		<datafield ind1=" " ind2="7" tag="650">
			<subfield code="a">Mineral waters</subfield>
			<subfield code="x">Therapeutic use.</subfield>
			<subfield code="2">fast</subfield>
			<subfield code="0">(OCoLC)fst01022391</subfield>
		</datafield>
		<datafield ind1=" " ind2="7" tag="651">
			<subfield code="a">Switzerland</subfield>
			<subfield code="z">Graubünden.</subfield>
			<subfield code="2">fast</subfield>
			<subfield code="0">(OCoLC)fst01211392</subfield>
		</datafield>
		<datafield ind1=" " ind2="7" tag="655">
			<subfield code="a">History.</subfield>
			<subfield code="2">fast</subfield>
			<subfield code="0">(OCoLC)fst01411628</subfield>
		</datafield>
		<datafield ind1="1" ind2=" " tag="700">
			<subfield code="a">Geronimi, Joachim,</subfield>
			<subfield code="e">contributor.</subfield>
		</datafield>
		<datafield ind1="1" ind2=" " tag="700">
			<subfield code="a">Curti, Giuseppe,</subfield>
			<subfield code="e">translator.</subfield>
		</datafield>
		<datafield ind1="1" ind2=" " tag="700">
			<subfield code="a">Cavagna Sangiuliani di Gualdana, Antonio,</subfield>
			<subfield code="c">conte,</subfield>
			<subfield code="d">1843-1913,</subfield>
			<subfield code="e">former owner.</subfield>
			<subfield code="5">IU-R</subfield>
		</datafield>
		<datafield ind1="2" ind2=" " tag="710">
			<subfield code="a">Cavagna Collection (University of Illinois at Urbana-Champaign. Library)</subfield>
			<subfield code="5">IU-R</subfield>
		</datafield>
		<datafield ind1=" " ind2=" " tag="752">
			<subfield code="a">Switzerland</subfield>
			<subfield code="d">Bellinzona.</subfield>
		</datafield>
		<datafield ind1=" " ind2=" " tag="994">
			<subfield code="a">C0</subfield>
			<subfield code="b">UIU</subfield>
		</datafield>
		<datafield ind1=" " ind2=" " tag="955">
			<subfield code="b">8450320</subfield>
		</datafield>
	</record>