
	<record xmlns="http://www.loc.gov/MARC21/slim" xmlns:xsi="http://www.w3.org/2001/XMLSchema-instance" xsi:schemaLocation="http://www.loc.gov/MARC21/slim http://www.loc.gov/standards/marcxml/schema/MARC21slim.xsd">
		<leader>01845cam a2200349Ii 4500</leader>
		<controlfield tag="001">7223293</controlfield>
		<controlfield tag="005">20171215102428.0</controlfield>
		<controlfield tag="008">130503s1843    it       s    000 0 ita d</controlfield>
		<datafield ind1=" " ind2=" " tag="035">
			<subfield code="a">(OCoLC)ocn841588593</subfield>
		</datafield>
		<datafield ind1=" " ind2=" " tag="040">
			<subfield code="a">UIU</subfield>
			<subfield code="b">eng</subfield>
			<subfield code="e">dcrmb</subfield>
			<subfield code="c">UIU</subfield>
			<subfield code="d">OCLCO</subfield>
			<subfield code="d">OCLCF</subfield>
			<subfield code="d">OCLCQ</subfield>
			<subfield code="d">UIU</subfield>
		</datafield>
		<datafield ind1=" " ind2=" " tag="043">
			<subfield code="a">e-it---</subfield>
		</datafield>
		<datafield ind1=" " ind2=" " tag="049">
			<subfield code="a">UIUU</subfield>
			<subfield code="o">skip</subfield>
		</datafield>
		<datafield ind1="1" ind2=" " tag="100">
			<subfield code="a">Cori, Arminio.</subfield>
		</datafield>
		<datafield ind1="1" ind2="0" tag="245">
			<subfield code="a">Notizie storiche della città di Todi e sua statistica dell'anno 1842.</subfield>
		</datafield>
		<datafield ind1=" " ind2=" " tag="260">
			<subfield code="a">Todi :</subfield>
			<subfield code="b">Da Raffaello Scalabrini,</subfield>
			<subfield code="c">1843.</subfield>
		</datafield>
		<datafield ind1=" " ind2=" " tag="300">
			<subfield code="a">39, [1] pages ;</subfield>
			<subfield code="c">20 cm</subfield>
		</datafield>
		<datafield ind1=" " ind2=" " tag="336">
			<subfield code="a">text</subfield>
			<subfield code="b">txt</subfield>
			<subfield code="2">rdacontent</subfield>
		</datafield>
		<datafield ind1=" " ind2=" " tag="337">
			<subfield code="a">unmediated</subfield>
			<subfield code="b">n</subfield>
			<subfield code="2">rdamedia</subfield>
		</datafield>
		<datafield ind1=" " ind2=" " tag="338">
			<subfield code="a">volume</subfield>
			<subfield code="b">nc</subfield>
			<subfield code="2">rdacarrier</subfield>
		</datafield>
		<datafield ind1=" " ind2=" " tag="500">
			<subfield code="a">Author's name from page [3].</subfield>
		</datafield>
		<datafield ind1=" " ind2=" " tag="500">
			<subfield code="a">"Cittadino Raffaello il tuo affmo. amico Alessio Cancelletti ti saluta, e ti prega qualche votta fargli vedere i tuoi caratteri a lui carissimi - salute, e fratellanza" inscribed on front wrapper; "Per eternare la memoria di avvere stato a Todi io Rinaldo Buti, comperai queste Notizie storiche per bajocchi otto il 14 luglio 1849" inscribed in another hand on inside front wrapper.</subfield>
			<subfield code="5">IU-R</subfield>
		</datafield>
		<datafield ind1=" " ind2=" " tag="500">
			<subfield code="a">University of Illinois bookplate: "From the library of Conte Antonio Cavagna Sangiuliani di Gualdana Lazelada di Bereguardo, purchased 1921".</subfield>
			<subfield code="5">IU-R</subfield>
		</datafield>
		<datafield ind1=" " ind2=" " tag="500">
			<subfield code="a">Acquisition made accessible thanks to a 2015-2017 grant from the Council on Libraries and Information Resources.</subfield>
			<subfield code="5">IU-R</subfield>
		</datafield>
		<datafield ind1=" " ind2="0" tag="651">
			<subfield code="a">Todi (Italy)</subfield>
			<subfield code="x">History.</subfield>
		</datafield>
		<datafield ind1=" " ind2="0" tag="651">
			<subfield code="a">Todi (Italy)</subfield>
			<subfield code="v">Statistics.</subfield>
		</datafield>
		<datafield ind1=" " ind2="7" tag="651">
			<subfield code="a">Italy</subfield>
			<subfield code="z">Todi.</subfield>
			<subfield code="2">fast</subfield>
			<subfield code="0">(OCoLC)fst01205616</subfield>
		</datafield>
		<datafield ind1=" " ind2="7" tag="655">
			<subfield code="a">History.</subfield>
			<subfield code="2">fast</subfield>
			<subfield code="0">(OCoLC)fst01411628</subfield>
		</datafield>
		<datafield ind1=" " ind2="7" tag="655">
			<subfield code="a">Statistics.</subfield>
			<subfield code="2">fast</subfield>
			<subfield code="0">(OCoLC)fst01423727</subfield>
		</datafield>
		<datafield ind1="1" ind2=" " tag="700">
			<subfield code="a">Cavagna Sangiuliani di Gualdana, Antonio,</subfield>
			<subfield code="c">conte,</subfield>
			<subfield code="d">1843-1913,</subfield>
			<subfield code="e">former owner.</subfield>
			<subfield code="5">IU-R</subfield>
		</datafield>
		<datafield ind1="2" ind2=" " tag="710">
			<subfield code="a">Cavagna Collection (University of Illinois at Urbana-Champaign. Library)</subfield>
			<subfield code="5">IU-R</subfield>
		</datafield>
		<datafield ind1=" " ind2=" " tag="752">
			<subfield code="a">Italy</subfield>
			<subfield code="d">Todi.</subfield>
		</datafield>
		<datafield ind1=" " ind2=" " tag="994">
			<subfield code="a">C0</subfield>
			<subfield code="b">UIU</subfield>
		</datafield>
		<datafield ind1=" " ind2=" " tag="955">
			<subfield code="b">7223293</subfield>
		</datafield>
	</record>