
	<record xmlns="http://www.loc.gov/MARC21/slim" xmlns:xsi="http://www.w3.org/2001/XMLSchema-instance" xsi:schemaLocation="http://www.loc.gov/MARC21/slim http://www.loc.gov/standards/marcxml/schema/MARC21slim.xsd">
		<leader>02021cam a2200349Ii 4500</leader>
		<controlfield tag="001">7222057</controlfield>
		<controlfield tag="005">20171201163651.0</controlfield>
		<controlfield tag="008">830107s1887    it            000 0 ita d</controlfield>
		<datafield ind1=" " ind2=" " tag="035">
			<subfield code="a">(OCoLC)ocm38627181</subfield>
		</datafield>
		<datafield ind1=" " ind2=" " tag="040">
			<subfield code="a">STF</subfield>
			<subfield code="b">eng</subfield>
			<subfield code="c">STF</subfield>
			<subfield code="d">OCLCG</subfield>
			<subfield code="d">UIU</subfield>
			<subfield code="d">OCLCO</subfield>
			<subfield code="d">OCLCQ</subfield>
			<subfield code="d">OCLCF</subfield>
			<subfield code="d">OCLCO</subfield>
			<subfield code="d">OCLCQ</subfield>
			<subfield code="d">UIU</subfield>
		</datafield>
		<datafield ind1=" " ind2=" " tag="049">
			<subfield code="a">UIUU</subfield>
			<subfield code="o">skip</subfield>
		</datafield>
		<datafield ind1="1" ind2=" " tag="100">
			<subfield code="a">Corio, Lodovico,</subfield>
			<subfield code="d">1847-1911.</subfield>
		</datafield>
		<datafield ind1="1" ind2="0" tag="245">
			<subfield code="a">Di Alessandro Manzoni :</subfield>
			<subfield code="b">fonti, censori : discorso /</subfield>
			<subfield code="c">di Lodovico Corio.</subfield>
		</datafield>
		<datafield ind1=" " ind2=" " tag="260">
			<subfield code="a">Milano :</subfield>
			<subfield code="b">Tipografia Fratelli Rechiedei,</subfield>
			<subfield code="c">1887.</subfield>
		</datafield>
		<datafield ind1=" " ind2=" " tag="300">
			<subfield code="a">51, [1] pages ;</subfield>
			<subfield code="c">19 cm</subfield>
		</datafield>
		<datafield ind1=" " ind2=" " tag="336">
			<subfield code="a">text</subfield>
			<subfield code="b">txt</subfield>
			<subfield code="2">rdacontent</subfield>
		</datafield>
		<datafield ind1=" " ind2=" " tag="337">
			<subfield code="a">unmediated</subfield>
			<subfield code="b">n</subfield>
			<subfield code="2">rdamedia</subfield>
		</datafield>
		<datafield ind1=" " ind2=" " tag="338">
			<subfield code="a">volume</subfield>
			<subfield code="b">nc</subfield>
			<subfield code="2">rdacarrier</subfield>
		</datafield>
		<datafield ind1=" " ind2=" " tag="500">
			<subfield code="a">"Inaugurandosi l'aula magna del Regio liceo-ginnasio Alessandro Manzoni in Milano in occasione della solenne distribuzione dei premi agli studenti del l'anno scolastico 1886-87. Addì XXII maggio MDCCCLXXXVII decimoquarto anniversario della morte di Alessandro Manzoni"--Page [3].</subfield>
		</datafield>
		<datafield ind1=" " ind2=" " tag="500">
			<subfield code="a">The last page is blank.</subfield>
		</datafield>
		<datafield ind1=" " ind2=" " tag="501">
			<subfield code="a">With: Il Convento dei cappuccini a Pescarenico presso Lecco ed : padri riformati / annotati e publicati da Antonio Balbiani. Milano : Presso C. Barbini, 1874.</subfield>
		</datafield>
		<datafield ind1=" " ind2=" " tag="500">
			<subfield code="a">University of Illinois bookplate: "From the library of Conte Antonio Cavagna Sangiuliani di Gualdana Lazelada di Bereguardo, purchased 1921".</subfield>
			<subfield code="5">IU-R</subfield>
		</datafield>
		<datafield ind1=" " ind2=" " tag="500">
			<subfield code="a">Acquisition made accessible thanks to a 2015-2017 grant from the Council on Libraries and Information Resources.</subfield>
			<subfield code="5">IU-R</subfield>
		</datafield>
		<datafield ind1="1" ind2="0" tag="600">
			<subfield code="a">Manzoni, Alessandro,</subfield>
			<subfield code="d">1785-1873</subfield>
			<subfield code="v">Sources.</subfield>
		</datafield>
		<datafield ind1="1" ind2="0" tag="600">
			<subfield code="a">Manzoni, Alessandro,</subfield>
			<subfield code="d">1785-1873</subfield>
			<subfield code="x">Criticism and interpretation.</subfield>
		</datafield>
		<datafield ind1="1" ind2="7" tag="600">
			<subfield code="a">Manzoni, Alessandro,</subfield>
			<subfield code="d">1785-1873</subfield>
			<subfield code="2">fast</subfield>
			<subfield code="0">(OCoLC)fst00033605</subfield>
		</datafield>
		<datafield ind1=" " ind2="7" tag="655">
			<subfield code="a">Criticism, interpretation, etc.</subfield>
			<subfield code="2">fast</subfield>
			<subfield code="0">(OCoLC)fst01411635</subfield>
		</datafield>
		<datafield ind1=" " ind2="7" tag="655">
			<subfield code="a">Sources.</subfield>
			<subfield code="2">fast</subfield>
			<subfield code="0">(OCoLC)fst01423900</subfield>
		</datafield>
		<datafield ind1="1" ind2=" " tag="700">
			<subfield code="a">Cavagna Sangiuliani di Gualdana, Antonio,</subfield>
			<subfield code="c">conte,</subfield>
			<subfield code="d">1843-1913,</subfield>
			<subfield code="e">former owner.</subfield>
			<subfield code="5">IU-R</subfield>
		</datafield>
		<datafield ind1="2" ind2=" " tag="710">
			<subfield code="a">Cavagna Collection (University of Illinois at Urbana-Champaign. Library)</subfield>
			<subfield code="5">IU-R</subfield>
		</datafield>
		<datafield ind1=" " ind2=" " tag="752">
			<subfield code="a">Italy</subfield>
			<subfield code="d">Milan.</subfield>
		</datafield>
		<datafield ind1=" " ind2=" " tag="994">
			<subfield code="a">C0</subfield>
			<subfield code="b">UIU</subfield>
		</datafield>
		<datafield ind1=" " ind2=" " tag="955">
			<subfield code="b">7222057</subfield>
		</datafield>
	</record>