
	<record xmlns="http://www.loc.gov/MARC21/slim" xmlns:xsi="http://www.w3.org/2001/XMLSchema-instance" xsi:schemaLocation="http://www.loc.gov/MARC21/slim http://www.loc.gov/standards/marcxml/schema/MARC21slim.xsd">
		<leader>02023cam a2200385Ki 4500</leader>
		<controlfield tag="001">7222024</controlfield>
		<controlfield tag="005">20170929165332.0</controlfield>
		<controlfield tag="008">130502s1884    it af         000 0dita d</controlfield>
		<datafield ind1=" " ind2=" " tag="035">
			<subfield code="a">(OCoLC)ocn841489920</subfield>
		</datafield>
		<datafield ind1=" " ind2=" " tag="040">
			<subfield code="a">UIU</subfield>
			<subfield code="b">eng</subfield>
			<subfield code="e">dcrmb</subfield>
			<subfield code="c">UIU</subfield>
			<subfield code="d">UIU</subfield>
			<subfield code="d">OCLCO</subfield>
			<subfield code="d">OCLCF</subfield>
			<subfield code="d">UIU</subfield>
		</datafield>
		<datafield ind1=" " ind2=" " tag="043">
			<subfield code="a">e-it---</subfield>
		</datafield>
		<datafield ind1=" " ind2=" " tag="049">
			<subfield code="a">UIUU</subfield>
			<subfield code="o">skip</subfield>
		</datafield>
		<datafield ind1="0" ind2="0" tag="245">
			<subfield code="a">Superga :</subfield>
			<subfield code="b">biografia dell'ing. comm. Tommaso Agudio, la ferrovia funicolare, la basilica, il panorama, e orario dell ferrovia.</subfield>
		</datafield>
		<datafield ind1="3" ind2=" " tag="246">
			<subfield code="a">Gita di piacere a Superga sulla funicolare con cenni storici</subfield>
		</datafield>
		<datafield ind1=" " ind2="1" tag="264">
			<subfield code="a">Torino :</subfield>
			<subfield code="b">Presso Domenico Cena editore, portici de Po rimpetto al Caffè Roma,</subfield>
			<subfield code="c">1884.</subfield>
		</datafield>
		<datafield ind1=" " ind2="3" tag="264">
			<subfield code="a">Torino :</subfield>
			<subfield code="b">Tip.-lib. B. Canonica e f., eredi Binelli</subfield>
		</datafield>
		<datafield ind1=" " ind2=" " tag="300">
			<subfield code="a">16 pages, [1] folded leaf of plates :</subfield>
			<subfield code="b">1 illustration ;</subfield>
			<subfield code="c">18 cm</subfield>
		</datafield>
		<datafield ind1=" " ind2=" " tag="500">
			<subfield code="a">Cover title: Una gita di piacere a Superga sulla funicolare con cenni storici.</subfield>
		</datafield>
		<datafield ind1=" " ind2=" " tag="500">
			<subfield code="a">University of Illinois bookplate: "From the library of Conte Antonio Cavagna Sangiuliani di Gualdana Lazelada di Bereguardo, purchased 1921".</subfield>
			<subfield code="5">IU-R</subfield>
		</datafield>
		<datafield ind1=" " ind2=" " tag="500">
			<subfield code="a">In publisher's original illustrated wrapper.</subfield>
			<subfield code="5">IU-R</subfield>
		</datafield>
		<datafield ind1=" " ind2=" " tag="500">
			<subfield code="a">Acquisition made accessible thanks to a 2015-2017 grant from the Council on Libraries and Information Resources.</subfield>
			<subfield code="5">IU-R</subfield>
		</datafield>
		<datafield ind1="1" ind2="0" tag="600">
			<subfield code="a">Agudio, Tommaso,</subfield>
			<subfield code="d">1827-1893.</subfield>
		</datafield>
		<datafield ind1="2" ind2="0" tag="610">
			<subfield code="a">Reale Basilica di Superga.</subfield>
		</datafield>
		<datafield ind1=" " ind2="0" tag="650">
			<subfield code="a">Railroads, Cable</subfield>
			<subfield code="z">Italy</subfield>
			<subfield code="z">Superga.</subfield>
		</datafield>
		<datafield ind1=" " ind2="0" tag="651">
			<subfield code="a">Superga (Italy)</subfield>
			<subfield code="x">Description and travel.</subfield>
		</datafield>
		<datafield ind1="1" ind2="7" tag="600">
			<subfield code="a">Agudio, Tommaso,</subfield>
			<subfield code="d">1827-1893.</subfield>
			<subfield code="2">fast</subfield>
			<subfield code="0">(OCoLC)fst00458564</subfield>
		</datafield>
		<datafield ind1="2" ind2="7" tag="610">
			<subfield code="a">Reale Basilica di Superga.</subfield>
			<subfield code="2">fast</subfield>
			<subfield code="0">(OCoLC)fst00538986</subfield>
		</datafield>
		<datafield ind1=" " ind2="7" tag="650">
			<subfield code="a">Railroads, Cable.</subfield>
			<subfield code="2">fast</subfield>
			<subfield code="0">(OCoLC)fst01089359</subfield>
		</datafield>
		<datafield ind1=" " ind2="7" tag="650">
			<subfield code="a">Travel.</subfield>
			<subfield code="2">fast</subfield>
			<subfield code="0">(OCoLC)fst01155558</subfield>
		</datafield>
		<datafield ind1=" " ind2="7" tag="651">
			<subfield code="a">Italy</subfield>
			<subfield code="z">Superga.</subfield>
			<subfield code="2">fast</subfield>
			<subfield code="0">(OCoLC)fst01207278</subfield>
		</datafield>
		<datafield ind1=" " ind2="7" tag="655">
			<subfield code="a">Guidebooks</subfield>
			<subfield code="z">Italy</subfield>
			<subfield code="z">Superga</subfield>
			<subfield code="y">19th century.</subfield>
			<subfield code="2">rbgenr</subfield>
		</datafield>
		<datafield ind1="1" ind2=" " tag="700">
			<subfield code="a">Cavagna Sangiuliani di Gualdana, Antonio,</subfield>
			<subfield code="c">conte,</subfield>
			<subfield code="d">1843-1913,</subfield>
			<subfield code="e">former owner.</subfield>
			<subfield code="5">IU-R</subfield>
		</datafield>
		<datafield ind1="2" ind2=" " tag="710">
			<subfield code="a">Cavagna Collection (University of Illinois at Urbana-Champaign. Library)</subfield>
			<subfield code="5">IU-R</subfield>
		</datafield>
		<datafield ind1=" " ind2=" " tag="752">
			<subfield code="a">Italy</subfield>
			<subfield code="d">Turin.</subfield>
		</datafield>
		<datafield ind1=" " ind2=" " tag="994">
			<subfield code="a">C0</subfield>
			<subfield code="b">UIU</subfield>
		</datafield>
		<datafield ind1=" " ind2=" " tag="955">
			<subfield code="b">7222024</subfield>
		</datafield>
	</record>